@inproceedings{chen2016robust,
  title={On robust malware classifiers by verifying unwanted behaviours},
  author={Chen, Wei and Aspinall, David and Gordon, Andrew D and Sutton, Charles and Muttik, Igor},
  booktitle={International Conference on Integrated Formal Methods},
  pages={326--341},
  year={2016},
  organization={Springer}
}

@inproceedings{chen2016more,
  title={More semantics more robust: Improving android malware classifiers},
  author={Chen, Wei and Aspinall, David and Gordon, Andrew D and Sutton, Charles and Muttik, Igor},
  booktitle={Proceedings of the 9th ACM Conference on Security \& Privacy in Wireless and Mobile Networks},
  pages={147--158},
  year={2016},
  organization={ACM}
}

@MastersThesis{Henrythesis2017,
    author     =     {Henry Clausen},
    title     =     {A {B}ayesian Approach to Human Behaviour Modelling in Computer Networks},
    school     =     {Imperial College London},
    year     =     {2017},
    }

@inproceedings{mcgregor2004flow,
  title={Flow clustering using machine learning techniques},
  author={McGregor, Anthony and Hall, Mark and Lorier, Perry and Brunskill, James},
  booktitle={International Workshop on Passive and Active Network Measurement},
  pages={205--214},
  year={2004},
  organization={Springer}
}

@inproceedings{zander2005automated,
  title={Automated traffic classification and application identification using machine learning},
  author={Zander, Sebastian and Nguyen, Thuy and Armitage, Grenville},
  booktitle={Local Computer Networks, 2005. 30th Anniversary. The IEEE Conference on},
  pages={250--257},
  year={2005},
  organization={IEEE}
}

@article{bernaille2006traffic,
  title={Traffic classification on the fly},
  author={Bernaille, Laurent and Teixeira, Renata and Akodkenou, Ismael and Soule, Augustin and Salamatian, Kave},
  journal={ACM SIGCOMM Computer Communication Review},
  volume={36},
  number={2},
  pages={23--26},
  year={2006},
  publisher={ACM}
}

@inproceedings{hernandez2005understanding,
  title={Understanding patterns of TCP connection usage with statistical clustering},
  author={Hernandez-Campos, Felix and Nobel, Andrew B and Smith, F Donelson and Jeffay, Kevin},
  booktitle={Modeling, Analysis, and Simulation of Computer and Telecommunication Systems, 2005. 13th IEEE International Symposium on},
  pages={35--44},
  year={2005},
  organization={IEEE}
}

@inproceedings{stober2013you,
  title={Who do you sync you are?: smartphone fingerprinting via application behaviour},
  author={St{\"o}ber, Tim and Frank, Mario and Schmitt, Jens and Martinovic, Ivan},
  booktitle={Proceedings of the sixth ACM conference on Security and privacy in wireless and mobile networks},
  pages={7--12},
  year={2013},
  organization={ACM}
}

@article{crotti2007traffic,
  title={Traffic classification through simple statistical fingerprinting},
  author={Crotti, Manuel and Dusi, Maurizio and Gringoli, Francesco and Salgarelli, Luca},
  journal={ACM SIGCOMM Computer Communication Review},
  volume={37},
  number={1},
  pages={5--16},
  year={2007},
  publisher={ACM}
}

@inproceedings{moore2005internet,
  title={Internet traffic classification using bayesian analysis techniques},
  author={Moore, Andrew W and Zuev, Denis},
  booktitle={ACM SIGMETRICS Performance Evaluation Review},
  volume={33},
  number={1},
  pages={50--60},
  year={2005},
  organization={ACM}
}

@article{auld2007bayesian,
  title={Bayesian neural networks for internet traffic classification},
  author={Auld, Tom and Moore, Andrew W and Gull, Stephen F},
  journal={IEEE Transactions on neural networks},
  volume={18},
  number={1},
  pages={223--239},
  year={2007},
  publisher={IEEE}
}

@inproceedings{yen2009browser,
  title={Browser fingerprinting from coarse traffic summaries: Techniques and implications},
  author={Yen, Ting-Fang and Huang, Xin and Monrose, Fabian and Reiter, Michael K},
  booktitle={International Conference on Detection of Intrusions and Malware, and Vulnerability Assessment},
  pages={157--175},
  year={2009},
  organization={Springer}
}

@inproceedings{pellegrino2017learning,
  title={Learning behavioral fingerprints from netflows using timed automata},
  author={Pellegrino, Gaetano and Lin, Qin and Hammerschmidt, Christian and Verwer, Sicco},
  booktitle={Integrated Network and Service Management (IM), 2017 IFIP/IEEE Symposium on},
  pages={308--316},
  year={2017},
  organization={IEEE}
}

@inproceedings{ye2000markov,
  title={A markov chain model of temporal behavior for anomaly detection},
  author={Ye, Nong and others},
  booktitle={Proceedings of the 2000 IEEE Systems, Man, and Cybernetics Information Assurance and Security Workshop},
  volume={166},
  pages={169},
  year={2000},
  organization={West Point, NY}
}

@inproceedings{aspinall2018anomaly,
  title={On Robust Anomaly Detection with Behavioural Models},
  author={Sabate, Marc and Grov, Gudmund and Chen, Wei and Aspinall, David},
  note={Under review},
  year={2018}
}
