


@inproceedings{kayacik2005selecting,
  title={Selecting features for intrusion detection: A feature relevance analysis on KDD 99 intrusion detection datasets},
  author={Kayacik, H G{\"u}nes and Zincir-Heywood, A Nur and Heywood, Malcolm I},
  booktitle={Proceedings of the third annual conference on privacy, security and trust},
  volume={94},
  pages={1723--1722},
  year={2005}
}

@inproceedings{mirsky2016sherlock,
  title={Sherlock vs moriarty: A smartphone dataset for cybersecurity research},
  author={Mirsky, Yisroel and Shabtai, Asaf and Rokach, Lior and Shapira, Bracha and Elovici, Yuval},
  booktitle={Proceedings of the 2016 ACM workshop on Artificial intelligence and security},
  pages={1--12},
  year={2016},
  organization={ACM}
}

@misc{docker,
  author = {Docker {Inc.}},
  title = {Docker},
  howpublished  = {\url{https://www.docker.com/}},
  note = {Accessed: 2019-08-11}
}

@techreport{brownlee1999traffic,
  title={Traffic flow measurement: Architecture},
  author={Brownlee, Nevil and Mills, Cyndi and Ruth, Greg},
  year={1999}
}

@inproceedings{sperotto2009labeled,
  title={A labeled data set for flow-based intrusion detection},
  author={Sperotto, Anna and Sadre, Ramin and Van Vliet, Frank and Pras, Aiko},
  booktitle={International Workshop on IP Operations and Management},
  pages={39--50},
  year={2009},
  organization={Springer}
}



@inproceedings{carela2014our,
  title={Is our ground-truth for traffic classification reliable?},
  author={Carela-Espa{\~n}ol, Valent{\'\i}n and Bujlow, Tomasz and Barlet-Ros, Pere},
  booktitle={International Conference on Passive and Active Network Measurement},
  pages={98--108},
  year={2014},
  organization={Springer}
}

@article{bujlow2013comparison,
  title={Comparison of deep packet inspection (DPI) tools for traffic classification},
  author={Bujlow, Tomasz and Carela-Espa{\~n}ol, Valent{\'\i}n and Barlet-Ros, Pere},
  journal={Available online: vbn. aau. dk/ws/files/78068418/report. pdf (accessed on 12 September 2018)},
  year={2013}
}

@inproceedings{sharafaldin2018toward,
  title={Toward Generating a New Intrusion Detection Dataset and Intrusion Traffic Characterization.},
  author={Sharafaldin, Iman and Lashkari, Arash Habibi and Ghorbani, Ali A},
  booktitle={ICISSP},
  pages={108--116},
  year={2018}
}

@article{kolyshkin2006virtualization,
  title={Virtualization in linux},
  author={Kolyshkin, Kirill},
  journal={White paper, OpenVZ},
  volume={3},
  pages={39},
  year={2006}
}

@inproceedings{reshetova2014security,
  title={Security of OS-level virtualization technologies},
  author={Reshetova, Elena and Karhunen, Janne and Nyman, Thomas and Asokan, N},
  booktitle={Nordic Conference on Secure IT Systems},
  pages={77--93},
  year={2014},
  organization={Springer}
}

@misc{dockerhub,
  author = {Docker {Inc.}},
  title = {Docker {Hub}},
  howpublished = {\url{https://hub.docker.com/}},
  note = {Accessed: 2019-08-11}
}

@misc{docker_docs,
  author = {Docker {Inc.}},
  title = {Docker {Documentation}},
  howpublished = {\url{https://docs.docker.com/}},
  note = {Accessed: 2019-08-11}
}

@inproceedings{moustafa2015unsw,
  title={UNSW-NB15: a comprehensive data set for network intrusion detection systems (UNSW-NB15 network data set)},
  author={Moustafa, Nour and Slay, Jill},
  booktitle={2015 military communications and information systems conference (MilCIS)},
  pages={1--6},
  year={2015},
  organization={IEEE}
}

@inproceedings{beigi2014towards,
  title={Towards effective feature selection in machine learning-based botnet detection approaches},
  author={Beigi, Elaheh Biglar and Jazi, Hossein Hadian and Stakhanova, Natalia and Ghorbani, Ali A},
  booktitle={2014 IEEE Conference on Communications and Network Security},
  pages={247--255},
  year={2014},
  organization={IEEE}
}

@inproceedings{fontugne2010mawilab,
  title={Mawilab: combining diverse anomaly detectors for automated anomaly labeling and performance benchmarking},
  author={Fontugne, Romain and Borgnat, Pierre and Abry, Patrice and Fukuda, Kensuke},
  booktitle={Proceedings of the 6th International COnference},
  pages={8},
  year={2010},
  organization={ACM}
}

@misc{bestpractise,
  author = {Docker {Inc.}},
  title = {{Best} {Practises} for {Writing} {Docker] {Images}}},
  howpublished = {\url{https://docs.docker.com/develop/develop-images/dockerfile_best-practices/}},
  note = {Accessed: 2019-08-11}
}

@article{nguyen2008survey,
  title={A survey of techniques for internet traffic classification using machine learning.},
  author={Nguyen, Thuy TT and Armitage, Grenville J},
  journal={IEEE Communications Surveys and Tutorials},
  volume={10},
  number={1-4},
  pages={56--76},
  year={2008}
}

@inproceedings{zander2005automated,
  title={Automated traffic classification and application identification using machine learning},
  author={Zander, Sebastian and Nguyen, Thuy and Armitage, Grenville},
  booktitle={The IEEE Conference on Local Computer Networks 30th Anniversary (LCN'05) l},
  pages={250--257},
  year={2005},
  organization={IEEE}
}


@InProceedings{akent-2015-enterprise-data,
   author = {Alexander D. Kent},
   title = {{Cybersecurity Data Sources for Dynamic Network Research}},
   year = 2015,
   booktitle = {Dynamic Networks in Cybersecurity},
   month =        jun,
   publisher = {Imperial College Press}
}

@Misc{kent-2015-cyberdata1,
  author =     {Alexander D. Kent},
  title =      {{Comprehensive, Multi-Source Cyber-Security Events}},
  year =       {2015},
  howpublished = {Los Alamos National Laboratory},
  doi = {10.17021/1179829}
}

@ARTICLE{turcotte17,
   author = {{Turcotte}, M.~J.~M. and {Kent}, A.~D. and {Hash}, C.},
    title = "{Unified Host and Network Data Set}",
    journal = {ArXiv e-prints},
    archivePrefix = "arXiv",
    eprint = {1708.07518},
    year = 2017,
    month = aug
}

@article{macia2018ugr,
  title={UGR ‘16: A new dataset for the evaluation of cyclostationarity-based network IDSs},
  author={Maci{\'a}-Fern{\'a}ndez, Gabriel and Camacho, Jos{\'e} and Mag{\'a}n-Carri{\'o}n, Roberto and Garc{\'\i}a-Teodoro, Pedro and Ther{\'o}n, Roberto},
  journal={Computers \& Security},
  volume={73},
  pages={411--424},
  year={2018},
  publisher={Elsevier}
}

@article{nisioti2018intrusion,
  title={From Intrusion Detection to Attacker Attribution: A Comprehensive Survey of Unsupervised Methods},
  author={Nisioti, Antonia and Mylonas, Alexios and Yoo, Paul D and Katos, Vasilios},
  journal={IEEE Communications Surveys \& Tutorials},
  year={2018},
  publisher={IEEE}
}

@misc{walsworth2015caida,
  title={The caida ucsd anonymized internet traces 2012,”},
  author={Walsworth, C and Aben, E and Claffy, K and Andersen, D},
  year={2015}
}

@inproceedings{sony2000traffic,
  title={Traffic data repository at the WIDE project},
  author={Sony, CSL and Cho, Kenjiro},
  booktitle={Proceedings of USENIX 2000 Annual Technical Conference: FREENIX Track},
  pages={263--270},
  year={2000}
}


@article{sharafaldin2018towards,
  title={Towards a reliable intrusion detection benchmark dataset},
  author={Sharafaldin, Iman and Gharib, Amirhossein and Lashkari, Arash Habibi and Ghorbani, Ali A},
  journal={Software Networking},
  volume={2018},
  number={1},
  pages={177--200},
  year={2018},
  publisher={River Publishers}
}


@inproceedings{moustafa_unsw-nb15:_2015,
	title = {{UNSW}-{NB}15: a comprehensive data set for network intrusion detection systems ({UNSW}-{NB}15 network data set)},
	shorttitle = {{UNSW}-{NB}15},
	doi = {10.1109/MilCIS.2015.7348942},
	abstract = {One of the major research challenges in this field is the unavailability of a comprehensive network based data set which can reflect modern network traffic scenarios, vast varieties of low footprint intrusions and depth structured information about the network traffic. Evaluating network intrusion detection systems research efforts, KDD98, KDDCUP99 and NSLKDD benchmark data sets were generated a decade ago. However, numerous current studies showed that for the current network threat environment, these data sets do not inclusively reflect network traffic and modern low footprint attacks. Countering the unavailability of network benchmark data set challenges, this paper examines a UNSW-NB15 data set creation. This data set has a hybrid of the real modern normal and the contemporary synthesized attack activities of the network traffic. Existing and novel methods are utilised to generate the features of the UNSWNB15 data set. This data set is available for research purposes and can be accessed from the link.},
	booktitle = {2015 {Military} {Communications} and {Information} {Systems} {Conference} ({MilCIS})},
	author = {Moustafa, N. and Slay, J.},
	month = nov,
	year = {2015},
	keywords = {computer network security, IP networks, telecommunication traffic, Telecommunication traffic, network traffic, Servers, NIDS, Training, Data models, Feature extraction, Benchmark testing, low footprint attacks, network intrusion detection systems, pcap files, testbed, UNSW-NB15 data set, UNSW-NB15 network data set},
	pages = {1--6},
	file = {IEEE Xplore Abstract Record:/home/henry/Zotero/storage/KWUTZHSB/7348942.html:text/html;Moustafa and Slay - 2015 - UNSW-NB15 a comprehensive data set for network in.pdf:/home/henry/Zotero/storage/5GC8H9HV/Moustafa and Slay - 2015 - UNSW-NB15 a comprehensive data set for network in.pdf:application/pdf}
}

@misc{noauthor_ctu-13_nodate,
	title = {The {CTU}-13 {Dataset}. {A} {Labeled} {Dataset} with {Botnet}, {Normal} and {Background} traffic.},
	url = {http://mcfp.weebly.com/the-ctu-13-dataset-a-labeled-dataset-with-botnet-normal-and-background-traffic.html},
	abstract = {The CTU-13 is a dataset of botnet traffic that was captured in the CTU University, Czech Republic, in 2011. The goal of the dataset was to have a large capture of real botnet traffic mixed with...},
	urldate = {2017-03-30},
	journal = {Malware Capture  facility project},
	note = {00001},
	file = {Snapshot:/home/henry/Zotero/storage/VIE84BBS/the-ctu-13-dataset-a-labeled-dataset-with-botnet-normal-and-background-traffic.html:text/html}
}


@inproceedings{tavallaee2009detailed,
  title={A detailed analysis of the KDD CUP 99 data set},
  author={Tavallaee, Mahbod and Bagheri, Ebrahim and Lu, Wei and Ghorbani, Ali A},
  booktitle={2009 IEEE Symposium on Computational Intelligence for Security and Defense Applications},
  pages={1--6},
  year={2009},
  organization={IEEE}
}

@article{mchugh2000testing,
  title={Testing intrusion detection systems: a critique of the 1998 and 1999 Darpa intrusion detection system evaluations as performed by Lincoln laboratory},
  author={McHugh, John},
  journal={ACM Transactions on Information and System Security (TISSEC)},
  volume={3},
  number={4},
  pages={262--294},
  year={2000},
  publisher={ACM}
}

@techreport{allix2014machine,
  title={Machine Learning-Based Malware Detection for Android Applications: History Matters!},
  author={Allix, Kevin and Bissyande, Tegawend{\'e} Fran{\c{c}}ois D Assise and Klein, Jacques and Le Traon, Yves},
  year={2014},
  institution={University of Luxembourg, SnT}
}

@inproceedings{hemminger2005network,
  title={Network emulation with NetEm},
  author={Hemminger, Stephen and others},
  booktitle={Linux conf au},
  pages={18--23},
  year={2005}
}


@article{shiravi2012toward,
  title={Toward developing a systematic approach to generate benchmark datasets for intrusion detection},
  author={Shiravi, Ali and Shiravi, Hadi and Tavallaee, Mahbod and Ghorbani, Ali A},
  journal={computers \& security},
  volume={31},
  number={3},
  pages={357--374},
  year={2012},
  publisher={Elsevier}
}

@article{paxson1995wide,
  title={Wide area traffic: the failure of Poisson modeling},
  author={Paxson, Vern and Floyd, Sally},
  journal={IEEE/ACM Transactions on networking},
  volume={3},
  number={3},
  pages={226--244},
  year={1995},
  publisher={IEEE}
}

@inproceedings{arfeen2013role,
  title={The role of the weibull distribution in internet traffic modeling},
  author={Arfeen, Muhammad Asad and Pawlikowski, Krzysztof and McNickle, D and Willig, Andreas},
  booktitle={Proceedings of the 2013 25th International Teletraffic Congress (ITC)},
  pages={1--8},
  year={2013},
  organization={IEEE}
}

@article{jacobson1989tcpdump,
  title={The tcpdump manual page},
  author={Jacobson, Van and Leres, Craig and McCanne, S},
  journal={Lawrence Berkeley Laboratory, Berkeley, CA},
  volume={143},
  year={1989}
}

@misc{iperf,
  author = {Gates, Mark and Warshavsky, Alex},
  title = {{Iperf} {Man} {Page}},
  howpublished = {\url{https://linux.die.net/man/1/iperf}},
  note = {Accessed: 2019-08-11}
}

@article{massey1951kolmogorov,
  title={The Kolmogorov-Smirnov test for goodness of fit},
  author={Massey Jr, Frank J},
  journal={Journal of the American statistical Association},
  volume={46},
  number={253},
  pages={68--78},
  year={1951},
  publisher={Taylor \& Francis}
}

@inproceedings{sommer2010outside,
  title={Outside the closed world: On using machine learning for network intrusion detection},
  author={Sommer, Robin and Paxson, Vern},
  booktitle={2010 IEEE symposium on security and privacy},
  pages={305--316},
  year={2010},
  organization={IEEE}
}

@misc{mergecap,
  author = {Scott Renfro},
  title = {{Mergecap} {Man} {Page}},
  howpublished = {\url{https://www.wireshark.org/docs/man-pages/mergecap.html}},
  note = {Accessed: 2019-08-11}
}

@misc{editcap,
  title = {{Editcap} {Man} {Page}},
  author = {Richard Sharpe},
  howpublished = {\url{https://www.wireshark.org/docs/man-pages/editcap.html}},
  note = {Accessed: 2019-08-11}
}

@inproceedings{jaber2011can,
  title={Can we trust the inter-packet time for traffic classification?},
  author={Jaber, Mohamad and Cascella, Roberto G and Barakat, Chadi},
  booktitle={2011 IEEE International Conference on Communications (ICC)},
  pages={1--5},
  year={2011},
  organization={IEEE}
}

@article{bernaille2006traffic,
  title={Traffic classification on the fly},
  author={Bernaille, Laurent and Teixeira, Renata and Akodkenou, Ismael and Soule, Augustin and Salamatian, Kave},
  journal={ACM SIGCOMM Computer Communication Review},
  volume={36},
  number={2},
  pages={23--26},
  year={2006},
  publisher={ACM}
}

@inproceedings{crussell2019lessons,
  title={Lessons learned from 10k experiments to compare virtual and physical testbeds},
  author={Crussell, Jonathan and Kroeger, Thomas M and Kavaler, David and Brown, Aaron and Phillips, Cynthia},
  booktitle={12th $\{$USENIX$\}$ Workshop on Cyber Security Experimentation and Test ($\{$CSET$\}$ 19)},
  year={2019}
}

@inproceedings{crussell2019virtually,
  title={Virtually the Same: Comparing Physical and Virtual Testbeds},
  author={Crussell, Jonathan and Kroeger, Thomas M and Brown, Aaron and Phillips, Cynthia},
  booktitle={2019 International Conference on Computing, Networking and Communications (ICNC)},
  pages={847--853},
  year={2019},
  organization={IEEE}
}

@inproceedings{fujdiak2018ip,
  title={IP Traffic Generator Using Container Virtualization Technology},
  author={Fujdiak, Radek and Uher, Vaclav and Mlynek, Petr and Blazek, Petr and Slacik, Jan and Sedlacek, Vladimir and Misurec, Jiri and Volkova, Marina and Chmelar, Petr},
  booktitle={2018 10th International Congress on Ultra Modern Telecommunications and Control Systems and Workshops (ICUMT)},
  pages={1--6},
  year={2018},
  organization={IEEE}
}

@techreport{crussell2015minimega,
  title={minimega v. 3.0},
  author={Crussell, Jonathan and Erickson, Jeremy and Fritz, David and Floren, John},
  year={2015},
  institution={Sandia National Lab.(SNL-NM), Albuquerque, NM (United States)}
}

@inproceedings{badiger2018violet,
  title={VIoLET: A Large-scale Virtual Environment for Internet of Things},
  author={Badiger, Shreyas and Baheti, Shrey and Simmhan, Yogesh},
  booktitle={European Conference on Parallel Processing},
  pages={309--324},
  year={2018},
  organization={Springer}
}

@incollection{harang2014bridging,
  title={Bridging the semantic gap: Human factors in anomaly-based intrusion detection systems},
  author={Harang, Richard},
  booktitle={Network Science and Cybersecurity},
  pages={15--37},
  year={2014},
  publisher={Springer}
}

@article{liu2019machine,
  title={Machine learning and deep learning methods for intrusion detection systems: A survey},
  author={Liu, Hongyu and Lang, Bo},
  journal={Applied Sciences},
  volume={9},
  number={20},
  pages={4396},
  year={2019},
  publisher={Multidisciplinary Digital Publishing Institute}
}

@inproceedings{dolan2011virtuoso,
  title={Virtuoso: Narrowing the semantic gap in virtual machine introspection},
  author={Dolan-Gavitt, Brendan and Leek, Tim and Zhivich, Michael and Giffin, Jonathon and Lee, Wenke},
  booktitle={2011 IEEE symposium on security and privacy},
  pages={297--312},
  year={2011},
  organization={IEEE}
}

@article{smith2020mind,
  title={Mind the Gap: On Bridging the Semantic Gap between Machine Learning and Information Security},
  author={Smith, Michael R and Johnson, Nicholas T and Ingram, Joe B and Carbajal, Armida J and Ramyaa, Ramyaa and Domschot, Evelyn and Lamb, Christopher C and Verzi, Stephen J and Kegelmeyer, W Philip},
  journal={arXiv preprint arXiv:2005.01800},
  year={2020}
}

@inproceedings{marx2020same,
  title={Same Standards, Different Decisions: A Study of QUIC and HTTP/3 Implementation Diversity},
  author={Marx, Robin and Herbots, Joris and Lamotte, Wim and Quax, Peter},
  booktitle={Proceedings of the Workshop on the Evolution, Performance, and Interoperability of QUIC},
  pages={14--20},
  year={2020}
}

@article{grieco2004performance,
  title={Performance evaluation and comparison of Westwood+, New Reno, and Vegas TCP congestion control},
  author={Grieco, Luigi A and Mascolo, Saverio},
  journal={ACM SIGCOMM Computer Communication Review},
  volume={34},
  number={2},
  pages={25--38},
  year={2004},
  publisher={ACM New York, NY, USA}
}

@article{biernacki2017analysis,
  title={Analysis and modelling of traffic produced by adaptive HTTP-based video},
  author={Biernacki, Arkadiusz},
  journal={Multimedia Tools and Applications},
  volume={76},
  number={10},
  pages={12347--12368},
  year={2017},
  publisher={Springer}
}

@inproceedings{yen2009browser,
  title={Browser fingerprinting from coarse traffic summaries: Techniques and implications},
  author={Yen, Ting-Fang and Huang, Xin and Monrose, Fabian and Reiter, Michael K},
  booktitle={International Conference on Detection of Intrusions and Malware, and Vulnerability Assessment},
  pages={157--175},
  year={2009},
  organization={Springer}
}


@inproceedings{stober2013you,
  title={Who do you sync you are? smartphone fingerprinting via application behaviour},
  author={St{\"o}ber, Tim and Frank, Mario and Schmitt, Jens and Martinovic, Ivan},
  booktitle={Proceedings of the sixth ACM conference on Security and privacy in wireless and mobile networks},
  pages={7--12},
  year={2013}
}
