

@inproceedings{tavallaee2009detailed,
  title={A detailed analysis of the KDD CUP 99 data set},
  author={Tavallaee, Mahbod and Bagheri, Ebrahim and Lu, Wei and Ghorbani, Ali A},
  booktitle={2009 IEEE Symposium on Computational Intelligence for Security and Defense Applications},
  pages={1--6},
  year={2009},
  organization={IEEE}
}

