@article{feldmann2000characteristics,
  title={Characteristics of TCP connection arrivals},
  author={Feldmann, Anja},
  journal={Self-Similar Network Traffic and Performance Evaluation},
  pages={367--399},
  year={2000},
  publisher={Wiley Online Library}
}

@inproceedings{arfeen2013role,
  title={The role of the weibull distribution in internet traffic modeling},
  author={Arfeen, Muhammad Asad and Pawlikowski, Krzysztof and McNickle, D and Willig, Andreas},
  booktitle={Proceedings of the 2013 25th International Teletraffic Congress (ITC)},
  pages={1--8},
  year={2013},
  organization={IEEE}
}

@inproceedings{zhang2005network,
  title={Network Intrusion Detection using Random Forests.},
  author={Zhang, Jiong and Zulkernine, Mohammad},
  booktitle={Pst},
  year={2005},
  organization={Citeseer}
}

@article{panda2007network,
  title={Network intrusion detection using naive bayes},
  author={Panda, Mrutyunjaya and Patra, Manas Ranjan},
  journal={International journal of computer science and network security},
  volume={7},
  number={12},
  pages={258--263},
  year={2007}
}

@inproceedings{arshadi2011tcp,
  title={On the tcp flow inter-arrival times dsitribution},
  author={Arshadi, Laleh and Jahangir, Amir Hossein},
  booktitle={2011 UKSim 5th European Symposium on Computer Modeling and Simulation},
  pages={360--365},
  year={2011},
  organization={IEEE}
}

@article{lee2001training,
  title={Training a neural-network based intrusion detector to recognize novel attacks},
  author={Lee, Susan C and Heinbuch, David V},
  journal={IEEE Transactions on systems, man, and Cybernetics-Part A: Systems and Humans},
  volume={31},
  number={4},
  pages={294--299},
  year={2001},
  publisher={IEEE}
}

@techreport{allix2014machine,
  title={Machine Learning-Based Malware Detection for Android Applications: History Matters!},
  author={Allix, Kevin and Bissyande, Tegawend{\'e} Fran{\c{c}}ois D Assise and Klein, Jacques and Le Traon, Yves},
  year={2014},
  institution={University of Luxembourg, SnT}
}


@article{bernaille2006traffic,
  title={Traffic classification on the fly},
  author={Bernaille, Laurent and Teixeira, Renata and Akodkenou, Ismael and Soule, Augustin and Salamatian, Kave},
  journal={ACM SIGCOMM Computer Communication Review},
  volume={36},
  number={2},
  pages={23--26},
  year={2006},
  publisher={ACM}
}


@inproceedings{Pendlebury:2018:EFM:3243734.3278505,
 author = {Pendlebury, Feargus and Pierazzi, Fabio and Jordaney, Roberto and Kinder, Johannes and Cavallaro, Lorenzo},
 title = {Enabling Fair ML Evaluations for Security},
 booktitle = {Proceedings of the 2018 ACM SIGSAC Conference on Computer and Communications Security},
 series = {CCS '18},
 year = {2018},
 isbn = {978-1-4503-5693-0},
 location = {Toronto, Canada},
 pages = {2264--2266},
 numpages = {3},
 url = {http://doi.acm.org/10.1145/3243734.3278505},
 doi = {10.1145/3243734.3278505},
 acmid = {3278505},
 publisher = {ACM},
 address = {New York, NY, USA},
 keywords = {evaluation, experimental bias, machine learning, malware},
}

@article{axelsson2000base,
  title={The base-rate fallacy and the difficulty of intrusion detection},
  author={Axelsson, Stefan},
  journal={ACM Transactions on Information and System Security (TISSEC)},
  volume={3},
  number={3},
  pages={186--205},
  year={2000},
  publisher={ACM}
}


@inproceedings{pendlebury2019tesseract,
  title={$\{$TESSERACT$\}$: Eliminating Experimental Bias in Malware Classification across Space and Time},
  author={Pendlebury, Feargus and Pierazzi, Fabio and Jordaney, Roberto and Kinder, Johannes and Cavallaro, Lorenzo},
  booktitle={28th $\{$USENIX$\}$ Security Symposium ($\{$USENIX$\}$ Security 19)},
  pages={729--746},
  year={2019}
}

@article{kolyshkin2006virtualization,
  title={Virtualization in linux},
  author={Kolyshkin, Kirill},
  journal={White paper, OpenVZ},
  volume={3},
  pages={39},
  year={2006}
}

@inproceedings{reshetova2014security,
  title={Security of OS-level virtualization technologies},
  author={Reshetova, Elena and Karhunen, Janne and Nyman, Thomas and Asokan, N},
  booktitle={Nordic Conference on Secure IT Systems},
  pages={77--93},
  year={2014},
  organization={Springer}
}

@article{frost1994traffic,
  title={Traffic modeling for telecommunications networks},
  author={Frost, Victor S and Melamed, Benjamin},
  journal={IEEE Communications Magazine},
  volume={32},
  number={3},
  pages={70--81},
  year={1994},
  publisher={IEEE}
}


@misc{vaidya2001dynamic,
  title={Dynamic signature inspection-based network intrusion detection},
  author={Vaidya, Vimal},
  year={2001},
  month=aug # "~21",
  publisher={Google Patents},
  note={US Patent 6,279,113}
}

@article{garcia2009anomaly,
  title={Anomaly-based network intrusion detection: Techniques, systems and challenges},
  author={Garcia-Teodoro, Pedro and Diaz-Verdejo, Jesus and Maci{\'a}-Fern{\'a}ndez, Gabriel and V{\'a}zquez, Enrique},
  journal={computers \& security},
  volume={28},
  number={1-2},
  pages={18--28},
  year={2009},
  publisher={Elsevier}
}

@inproceedings{chen2016more,
  title={More semantics more robust: Improving android malware classifiers},
  author={Chen, Wei and Aspinall, David and Gordon, Andrew D and Sutton, Charles and Muttik, Igor},
  booktitle={Proceedings of the 9th ACM Conference on Security \& Privacy in Wireless and Mobile Networks},
  pages={147--158},
  year={2016},
  organization={ACM}
}

@inproceedings{mirsky2016sherlock,
  title={Sherlock vs moriarty: A smartphone dataset for cybersecurity research},
  author={Mirsky, Yisroel and Shabtai, Asaf and Rokach, Lior and Shapira, Bracha and Elovici, Yuval},
  booktitle={Proceedings of the 2016 ACM workshop on Artificial intelligence and security},
  pages={1--12},
  year={2016},
  organization={ACM}
}


@inproceedings{kayacik2005selecting,
  title={Selecting features for intrusion detection: A feature relevance analysis on KDD 99 intrusion detection datasets},
  author={Kayacik, H G{\"u}nes and Zincir-Heywood, A Nur and Heywood, Malcolm I},
  booktitle={Proceedings of the third annual conference on privacy, security and trust},
  volume={94},
  pages={1723--1722},
  year={2005}
}

@inproceedings{tavallaee2009detailed,
  title={A detailed analysis of the KDD CUP 99 data set},
  author={Tavallaee, Mahbod and Bagheri, Ebrahim and Lu, Wei and Ghorbani, Ali A},
  booktitle={2009 IEEE Symposium on Computational Intelligence for Security and Defense Applications},
  pages={1--6},
  year={2009},
  organization={IEEE}
}

@inproceedings{moustafa2015unsw,
  title={UNSW-NB15: a comprehensive data set for network intrusion detection systems (UNSW-NB15 network data set)},
  author={Moustafa, Nour and Slay, Jill},
  booktitle={2015 military communications and information systems conference (MilCIS)},
  pages={1--6},
  year={2015},
  organization={IEEE}
}

@article{shiravi2012toward,
  title={Toward developing a systematic approach to generate benchmark datasets for intrusion detection},
  author={Shiravi, Ali and Shiravi, Hadi and Tavallaee, Mahbod and Ghorbani, Ali A},
  journal={computers \& security},
  volume={31},
  number={3},
  pages={357--374},
  year={2012},
  publisher={Elsevier}
}

@inproceedings{sharafaldin2018toward,
  title={Toward Generating a New Intrusion Detection Dataset and Intrusion Traffic Characterization.},
  author={Sharafaldin, Iman and Lashkari, Arash Habibi and Ghorbani, Ali A},
  booktitle={ICISSP},
  pages={108--116},
  year={2018}
}

@article{crovella1997self,
  title={Self-similarity in World Wide Web traffic: evidence and possible causes},
  author={Crovella, Mark E and Bestavros, Azer},
  journal={IEEE/ACM Transactions on networking},
  volume={5},
  number={6},
  pages={835--846},
  year={1997},
  publisher={IEEE}
}

@inproceedings{fontugne2010mawilab,
  title={Mawilab: combining diverse anomaly detectors for automated anomaly labeling and performance benchmarking},
  author={Fontugne, Romain and Borgnat, Pierre and Abry, Patrice and Fukuda, Kensuke},
  booktitle={Proceedings of the 6th International COnference},
  pages={8},
  year={2010},
  organization={ACM}
}

@inproceedings{sommer2010outside,
  title={Outside the closed world: On using machine learning for network intrusion detection},
  author={Sommer, Robin and Paxson, Vern},
  booktitle={2010 IEEE symposium on security and privacy},
  pages={305--316},
  year={2010},
  organization={IEEE}
}

@article{paxson1995wide,
  title={Wide area traffic: the failure of Poisson modeling},
  author={Paxson, Vern and Floyd, Sally},
  journal={IEEE/ACM Transactions on networking},
  volume={3},
  number={3},
  pages={226--244},
  year={1995},
  publisher={IEEE}
}

@inproceedings{jaber2011can,
  title={Can we trust the inter-packet time for traffic classification?},
  author={Jaber, Mohamad and Cascella, Roberto G and Barakat, Chadi},
  booktitle={2011 IEEE International Conference on Communications (ICC)},
  pages={1--5},
  year={2011},
  organization={IEEE}
}

@article{berk2005detection,
  title={Detection of covert channel encoding in network packet delays},
  author={Berk, Vincent and Giani, Annarita and Cybenko, George and Hanover, N},
  journal={Rapport technique TR536, de lUniversit{\'e} de Dartmouth},
  volume={19},
  year={2005}
}

@article{bujlow2013comparison,
  title={Comparison of deep packet inspection (DPI) tools for traffic classification},
  author={Bujlow, Tomasz and Carela-Espa{\~n}ol, Valent{\'\i}n and Barlet-Ros, Pere},
  journal={Available online: vbn. aau. dk/ws/files/78068418/report. pdf (accessed on 12 September 2018)},
  year={2013}
}

@article{bujlow2015independent,
  title={Independent comparison of popular DPI tools for traffic classification},
  author={Bujlow, Tomasz and Carela-Espa{\~n}ol, Valent{\'\i}n and Barlet-Ros, Pere},
  journal={Computer Networks},
  volume={76},
  pages={75--89},
  year={2015},
  publisher={Elsevier}
}

@inproceedings{carela2014our,
  title={Is our ground-truth for traffic classification reliable?},
  author={Carela-Espa{\~n}ol, Valent{\'\i}n and Bujlow, Tomasz and Barlet-Ros, Pere},
  booktitle={International Conference on Passive and Active Network Measurement},
  pages={98--108},
  year={2014},
  organization={Springer}
}

@misc{editcap,
  title = {{Editcap} {Man} {Page}},
  author = {Richard Sharpe},
  howpublished = {\url{https://www.wireshark.org/docs/man-pages/editcap.html}},
  note = {Accessed: 2019-08-11}
}

@misc{mergecap,
  author = {Scott Renfro},
  title = {{Mergecap} {Man} {Page}},
  howpublished = {\url{https://www.wireshark.org/docs/man-pages/mergecap.html}},
  note = {Accessed: 2019-08-11}
}

@misc{tc-netem,
  author = {Stephen Hemminger},
  title = {{Tc-netem} {Man} {Page}},
  howpublished = {\url{http://man7.org/linux/man-pages/man8/tc-netem.8.html}},
  note = {Accessed: 2019-08-11}
}

@misc{iperf,
  author = {Gates, Mark and Warshavsky, Alex},
  title = {{Iperf} {Man} {Page}},
  howpublished = {\url{https://linux.die.net/man/1/iperf}},
  note = {Accessed: 2019-08-11}
}

@misc{docker,
  author = {Docker {Inc.}},
  title = {Docker},
  howpublished  = {\url{https://www.docker.com/}},
  note = {Accessed: 2019-08-11}
}


@misc{detlearsom,
  author = {Aspinall, David and Clausen, Henry and Chen, Wei and Grov, Gudmund and Sabate, Marc},
  title = {{Detlearsom} {Github} {Page}},
  howpublished = {\url{https://davidaspinall.github.io/detlearsom/}},
  note = {Accessed: 2019-08-11}
}


@misc{netflowmeter,
  author = {Lashkari, Arash and Zang, Yongcan and Owhuo, Gift and Mamum, Mohammad and Gil, Gerard},
  title = {{NetFlowMeter} {Webpage}},
  howpublished = {\url{http://www.netflowmeter.ca/}},
  note = {Accessed: 2019-08-11}
}

@misc{bestpractise,
  author = {Docker {Inc.}},
  title = {{Best} {Practises} for {Writing} {Docker] {Images}}},
  howpublished = {\url{https://docs.docker.com/develop/develop-images/dockerfile_best-practices/}},
  note = {Accessed: 2019-08-11}
}

@inproceedings{sperotto2009labeled,
  title={A labeled data set for flow-based intrusion detection},
  author={Sperotto, Anna and Sadre, Ramin and Van Vliet, Frank and Pras, Aiko},
  booktitle={International Workshop on IP Operations and Management},
  pages={39--50},
  year={2009},
  organization={Springer}
}

@inproceedings{beigi2014towards,
  title={Towards effective feature selection in machine learning-based botnet detection approaches},
  author={Beigi, Elaheh Biglar and Jazi, Hossein Hadian and Stakhanova, Natalia and Ghorbani, Ali A},
  booktitle={2014 IEEE Conference on Communications and Network Security},
  pages={247--255},
  year={2014},
  organization={IEEE}
}

@misc{owasp,
  author = {OWASP},
  title = {{SQL} {Injection} {Prevention} {Cheat} {Sheet}},
  howpublished = {\url{https://cheatsheetseries.owasp.org/cheatsheets/SQL_Injection_Prevention_Cheat_Sheet.html}},
  note = {Accessed: 2019-08-11}
}

@misc{docker_docs,
  author = {Docker {Inc.}},
  title = {Docker {Documentation}},
  howpublished = {\url{https://docs.docker.com/}},
  note = {Accessed: 2019-08-11}
}

@misc{dockerhub,
  author = {Docker {Inc.}},
  title = {Docker {Hub}},
  howpublished = {\url{https://hub.docker.com/}},
  note = {Accessed: 2019-08-11}
}

@misc{dockermalware,
  author = {David Maciejak},
  title = {Yet Another Crypto Mining Botnet?},
  howpublished = {\url{https://www.fortinet.com/blog/threat-research/yet-another-crypto-mining-botnet.html}},
  note = {Accessed: 2019-08-11}
}

@article{nguyen2008survey,
  title={A survey of techniques for internet traffic classification using machine learning.},
  author={Nguyen, Thuy TT and Armitage, Grenville J},
  journal={IEEE Communications Surveys and Tutorials},
  volume={10},
  number={1-4},
  pages={56--76},
  year={2008}
}

@inproceedings{zander2005automated,
  title={Automated traffic classification and application identification using machine learning},
  author={Zander, Sebastian and Nguyen, Thuy and Armitage, Grenville},
  booktitle={The IEEE Conference on Local Computer Networks 30th Anniversary (LCN'05) l},
  pages={250--257},
  year={2005},
  organization={IEEE}
}

@article{iorliam2016flow,
  title={" Flow Size Difference" Can Make a Difference: Detecting Malicious TCP Network Flows Based on Benford's Law},
  author={Iorliam, Aamo and Tirunagari, Santosh and Ho, Anthony TS and Li, Shujun and Waller, Adrian and Poh, Norman},
  journal={arXiv preprint arXiv:1609.04214},
  year={2016}
}

@inproceedings{abad2003log,
  title={Log correlation for intrusion detection: A proof of concept},
  author={Abad, Cristina and Taylor, Jed and Sengul, Cigdem and Yurcik, William and Zhou, Yuanyuan and Rowe, Ken},
  booktitle={19th Annual Computer Security Applications Conference, 2003. Proceedings.},
  pages={255--264},
  year={2003},
  organization={IEEE}
}
