@inproceedings{chen2016robust,
  title={On robust malware classifiers by verifying unwanted behaviours},
  author={Chen, Wei and Aspinall, David and Gordon, Andrew D and Sutton, Charles and Muttik, Igor},
  booktitle={International Conference on Integrated Formal Methods},
  pages={326--341},
  year={2016},
  organization={Springer}
}

@inproceedings{chen2016more,
  title={More semantics more robust: Improving android malware classifiers},
  author={Chen, Wei and Aspinall, David and Gordon, Andrew D and Sutton, Charles and Muttik, Igor},
  booktitle={Proceedings of the 9th ACM Conference on Security \& Privacy in Wireless and Mobile Networks},
  pages={147--158},
  year={2016},
  organization={ACM}
}

@inproceedings{cretu2009adaptive,
  title={Adaptive Anomaly Detection via Self-calibration and Dynamic Updating.},
  author={Cretu-Ciocarlie, Gabriela F and Stavrou, Angelos and Locasto, Michael E and Stolfo, Salvatore J},
  booktitle={RAID},
  volume={9},
  pages={41--60},
  year={2009},
  organization={Springer}
}

@article{rieck2011automatic,
  title={Automatic analysis of malware behavior using machine learning},
  author={Rieck, Konrad and Trinius, Philipp and Willems, Carsten and Holz, Thorsten},
  journal={Journal of Computer Security},
  volume={19},
  number={4},
  pages={639--668},
  year={2011},
  publisher={IOS Press}
}

@incollection{NIPS2010_3902,
title = {Online Learning for Latent Dirichlet Allocation},
author = {Matthew Hoffman and Francis R. Bach and David M. Blei},
booktitle = {Advances in Neural Information Processing Systems 23},
editor = {J. D. Lafferty and C. K. I. Williams and J. Shawe-Taylor and R. S. Zemel and A. Culotta},
pages = {856--864},
year = {2010},
publisher = {Curran Associates, Inc.},
url = {http://papers.nips.cc/paper/3902-online-learning-for-latent-dirichlet-allocation.pdf}
}

@article{blei2012probabilistic,
  title={Probabilistic topic models},
  author={Blei, David M},
  journal={Communications of the ACM},
  volume={55},
  number={4},
  pages={77--84},
  year={2012},
  publisher={ACM}
}

@inproceedings{sahs2012machine,
  title={A machine learning approach to android malware detection},
  author={Sahs, Justin and Khan, Latifur},
  booktitle={Intelligence and security informatics conference (eisic), 2012 european},
  pages={141--147},
  year={2012},
  organization={IEEE}
}

@inproceedings{bodenham2013continuous,
  title={Continuous monitoring of a computer network using multivariate adaptive estimation},
  author={Bodenham, Dean A and Adams, Niall M},
  booktitle={Data Mining Workshops (ICDMW), 2013 IEEE 13th International Conference on},
  pages={311--318},
  year={2013},
  organization={IEEE}
}

@article{anagnostopoulos2012online,
  title={Online linear and quadratic discriminant analysis with adaptive forgetting for streaming classification},
  author={Anagnostopoulos, Christoforos and Tasoulis, Dimitris K and Adams, Niall M and Pavlidis, Nicos G and Hand, David J},
  journal={Statistical Analysis and Data Mining: The ASA Data Science Journal},
  volume={5},
  number={2},
  pages={139--166},
  year={2012},
  publisher={Wiley Online Library}
}

@inproceedings{aafer2013droidapiminer,
  title={Droidapiminer: Mining api-level features for robust malware detection in android},
  author={Aafer, Yousra and Du, Wenliang and Yin, Heng},
  booktitle={International Conference on Security and Privacy in Communication Systems},
  pages={86--103},
  year={2013},
  organization={Springer}
}

@inproceedings{peiravian2013machine,
  title={Machine learning for android malware detection using permission and api calls},
  author={Peiravian, Naser and Zhu, Xingquan},
  booktitle={Tools with Artificial Intelligence (ICTAI), 2013 IEEE 25th International Conference on},
  pages={300--305},
  year={2013},
  organization={IEEE}
}

@inproceedings{yerima2013new,
  title={A new android malware detection approach using bayesian classification},
  author={Yerima, Suleiman Y and Sezer, Sakir and McWilliams, Gavin and Muttik, Igor},
  booktitle={Advanced Information Networking and Applications (AINA), 2013 IEEE 27th International Conference on},
  pages={121--128},
  year={2013},
  organization={IEEE}
}

@inproceedings{burguera2011crowdroid,
  title={Crowdroid: behavior-based malware detection system for android},
  author={Burguera, Iker and Zurutuza, Urko and Nadjm-Tehrani, Simin},
  booktitle={Proceedings of the 1st ACM workshop on Security and privacy in smartphones and mobile devices},
  pages={15--26},
  year={2011},
  organization={ACM}
}

@inproceedings{gorla2014checking,
  title={Checking app behavior against app descriptions},
  author={Gorla, Alessandra and Tavecchia, Ilaria and Gross, Florian and Zeller, Andreas},
  booktitle={Proceedings of the 36th International Conference on Software Engineering},
  pages={1025--1035},
  year={2014},
  organization={ACM}
}

@inproceedings{tang2014unsupervised,
  title={Unsupervised anomaly-based malware detection using hardware features},
  author={Tang, Adrian and Sethumadhavan, Simha and Stolfo, Salvatore J},
  booktitle={International Workshop on Recent Advances in Intrusion Detection},
  pages={109--129},
  year={2014},
  organization={Springer}
}

@MastersThesis{Henrythesis2017,
    author     =     {Henry Clausen},
    title     =     {A {B}ayesian Approach to Human Behaviour Modelling in Computer Networks},
    school     =     {Imperial College London},
    year     =     {2017},
    }

@inproceedings{wang2011online,
  title={Online variational inference for the hierarchical Dirichlet process},
  author={Wang, Chong and Paisley, John and Blei, David},
  booktitle={Proceedings of the Fourteenth International Conference on Artificial Intelligence and Statistics},
  pages={752--760},
  year={2011}
}

