

@inproceedings{tavallaee2009detailed,
  title={A detailed analysis of the KDD CUP 99 data set},
  author={Tavallaee, Mahbod and Bagheri, Ebrahim and Lu, Wei and Ghorbani, Ali A},
  booktitle={2009 IEEE Symposium on Computational Intelligence for Security and Defense Applications},
  pages={1--6},
  year={2009},
  organization={IEEE}
}

@inproceedings{kayacik2005selecting,
  title={Selecting features for intrusion detection: A feature relevance analysis on KDD 99 intrusion detection datasets},
  author={Kayacik, H G{\"u}nes and Zincir-Heywood, A Nur and Heywood, Malcolm I},
  booktitle={Proceedings of the third annual conference on privacy, security and trust},
  volume={94},
  pages={1723--1722},
  year={2005}
}

@inproceedings{mirsky2016sherlock,
  title={Sherlock vs moriarty: A smartphone dataset for cybersecurity research},
  author={Mirsky, Yisroel and Shabtai, Asaf and Rokach, Lior and Shapira, Bracha and Elovici, Yuval},
  booktitle={Proceedings of the 2016 ACM workshop on Artificial intelligence and security},
  pages={1--12},
  year={2016},
  organization={ACM}
}

@misc{docker,
  author = {Docker {Inc.}},
  title = {Docker},
  howpublished  = {\url{https://www.docker.com/}},
  note = {Accessed: 2019-08-11}
}

@techreport{brownlee1999traffic,
  title={Traffic flow measurement: Architecture},
  author={Brownlee, Nevil and Mills, Cyndi and Ruth, Greg},
  year={1999}
}

@inproceedings{sperotto2009labeled,
  title={A labeled data set for flow-based intrusion detection},
  author={Sperotto, Anna and Sadre, Ramin and Van Vliet, Frank and Pras, Aiko},
  booktitle={International Workshop on IP Operations and Management},
  pages={39--50},
  year={2009},
  organization={Springer}
}

@techreport{allix2014machine,
  title={Machine Learning-Based Malware Detection for Android Applications: History Matters!},
  author={Allix, Kevin and Bissyande, Tegawend{\'e} Fran{\c{c}}ois D Assise and Klein, Jacques and Le Traon, Yves},
  year={2014},
  institution={University of Luxembourg, SnT}
}

@inproceedings{carela2014our,
  title={Is our ground-truth for traffic classification reliable?},
  author={Carela-Espa{\~n}ol, Valent{\'\i}n and Bujlow, Tomasz and Barlet-Ros, Pere},
  booktitle={International Conference on Passive and Active Network Measurement},
  pages={98--108},
  year={2014},
  organization={Springer}
}

@article{bujlow2013comparison,
  title={Comparison of deep packet inspection (DPI) tools for traffic classification},
  author={Bujlow, Tomasz and Carela-Espa{\~n}ol, Valent{\'\i}n and Barlet-Ros, Pere},
  journal={Available online: vbn. aau. dk/ws/files/78068418/report. pdf (accessed on 12 September 2018)},
  year={2013}
}

@inproceedings{sharafaldin2018toward,
  title={Toward Generating a New Intrusion Detection Dataset and Intrusion Traffic Characterization.},
  author={Sharafaldin, Iman and Lashkari, Arash Habibi and Ghorbani, Ali A},
  booktitle={ICISSP},
  pages={108--116},
  year={2018}
}

@article{kolyshkin2006virtualization,
  title={Virtualization in linux},
  author={Kolyshkin, Kirill},
  journal={White paper, OpenVZ},
  volume={3},
  pages={39},
  year={2006}
}

@inproceedings{reshetova2014security,
  title={Security of OS-level virtualization technologies},
  author={Reshetova, Elena and Karhunen, Janne and Nyman, Thomas and Asokan, N},
  booktitle={Nordic Conference on Secure IT Systems},
  pages={77--93},
  year={2014},
  organization={Springer}
}

@misc{dockerhub,
  author = {Docker {Inc.}},
  title = {Docker {Hub}},
  howpublished = {\url{https://hub.docker.com/}},
  note = {Accessed: 2019-08-11}
}

@misc{docker_docs,
  author = {Docker {Inc.}},
  title = {Docker {Documentation}},
  howpublished = {\url{https://docs.docker.com/}},
  note = {Accessed: 2019-08-11}
}

@inproceedings{moustafa2015unsw,
  title={UNSW-NB15: a comprehensive data set for network intrusion detection systems (UNSW-NB15 network data set)},
  author={Moustafa, Nour and Slay, Jill},
  booktitle={2015 military communications and information systems conference (MilCIS)},
  pages={1--6},
  year={2015},
  organization={IEEE}
}

@inproceedings{beigi2014towards,
  title={Towards effective feature selection in machine learning-based botnet detection approaches},
  author={Beigi, Elaheh Biglar and Jazi, Hossein Hadian and Stakhanova, Natalia and Ghorbani, Ali A},
  booktitle={2014 IEEE Conference on Communications and Network Security},
  pages={247--255},
  year={2014},
  organization={IEEE}
}

@inproceedings{fontugne2010mawilab,
  title={Mawilab: combining diverse anomaly detectors for automated anomaly labeling and performance benchmarking},
  author={Fontugne, Romain and Borgnat, Pierre and Abry, Patrice and Fukuda, Kensuke},
  booktitle={Proceedings of the 6th International COnference},
  pages={8},
  year={2010},
  organization={ACM}
}

@misc{bestpractise,
  author = {Docker {Inc.}},
  title = {{Best} {Practises} for {Writing} {Docker] {Images}}},
  howpublished = {\url{https://docs.docker.com/develop/develop-images/dockerfile_best-practices/}},
  note = {Accessed: 2019-08-11}
}